@article{einstein1905,
  author = {Einstein, Albert},
  title = {Zur Elektrodynamik bewegter Körper},
  journal = {Annalen der Physik},
  year = {1905},
  volume = {322},
  number = {10},
  pages = {891--921}
}
@book{tufte1983,
  author    = {Edward R. Tufte},
  title     = {The Visual Display of Quantitative Information},
  year      = {1983},
  publisher = {Graphics Press},
  address   = {Cheshire, Connecticut},
  edition   = {1st}
}
@misc{globocan2020,
  author    = {Ferlay, J. and Ervik, M. and Lam, F. and Colombet, M. and Mery, L. and Piñeros, M. and Znaor, A. and Soerjomataram, I. and Bray, F.},
  title     = {Global Cancer Observatory: Cancer Today},
  year      = {2020},
  publisher = {International Agency for Research on Cancer},
  note      = {Available at: \url{https://gco.iarc.fr/today}},
  howpublished = {\url{https://gco.iarc.fr/today}}
}i
@misc{WHO2025,
  author       = {Organización Mundial de la Salud},
  title        = {Cáncer},
  year         = {2025},
  howpublished = {\url{https://www.who.int/es/health-topics/cancer}}
}
@article{Zhou2024,
  author       = {Zhou, Y. and Zhang, L. and Wang, X. and Li, M.},
  title        = {Global burden of cancer and associated risk factors in 204 countries and territories, 1990–2019: a systematic analysis},
  journal      = {Journal of Hematology and Oncology},
  year         = {2024},
  volume       = {17},
  number       = {1},
  pages        = {1--15},
  doi          = {10.1186/s13045-024-01640-8},
  url          = {https://jhoonline.biomedcentral.com/articles/10.1186/s13045-024-01640-8},
  note         = {Consultado el 1 de junio de 2025}
}
@article{allemani2018global,
  title={Global surveillance of trends in cancer survival 2000–14 (CONCORD-3): analysis of individual records for 37·5 million patients diagnosed with one of 18 cancers from 322 population-based registries in 71 countries},
  author={Allemani, Claudia and Matsuda, Tomohiro and Di Carlo, Veronica and Harewood, Rosalind and Matz, Mia and Nikšić, Maja and Bonaventure, Audrey and Valkov, Myroslav and Johnson, Christopher J and Estève, Jacques and others},
  journal={The Lancet},
  volume={391},
  number={10125},
  pages={1023--1075},
  year={2018},
  publisher={Elsevier},
  doi={10.1016/S0140-6736(17)33326-3}
}
@article{Sung2021,
  author    = {Sung, Hyuna and Ferlay, Jacques and Siegel, Rebecca L. and Laversanne, Mathieu and Soerjomataram, Isabelle and Jemal, Ahmedin and Bray, Freddie},
  title     = {Global Cancer Statistics 2020: GLOBOCAN Estimates of Incidence and Mortality Worldwide for 36 Cancers in 185 Countries},
  journal   = {CA: A Cancer Journal for Clinicians},
  volume    = {71},
  number    = {3},
  pages     = {209--249},
  year      = {2021},
  doi       = {10.3322/caac.21660},
  url       = {https://acsjournals.onlinelibrary.wiley.com/doi/10.3322/caac.21660}
}
@article{SEOM2025,
  author    = {Sociedad Española de Oncología Médica (SEOM) and Red Española de Registros de Cáncer (REDECAN)},
  title     = {Las cifras del cáncer en España 2025},
  journal   = {SEOM},
  year      = {2025},
  note      = {Disponible en: \url{https://seom.org/prensa/el-cancer-en-cifras}},
}
@article{cancer_risk_factors,
  author    = {Instituto Nacional del Cáncer (NCI)},
  title     = {Factores de riesgo: Edad},
  journal   = {Instituto Nacional del Cáncer},
  year      = {2021},
  note      = {Disponible en: \url{https://www.cancer.gov/espanol/cancer/causas-prevencion/riesgo/edad}},
}
@article{PAPPS2024,
  author    = {Grupo de trabajo del PAPPS},
  title     = {Recomendaciones de prevención del cáncer. Actualización 2024},
  journal   = {Atención Primaria},
  year      = {2024},
  volume    = {56},
  number    = {S1},
  pages     = {1--10},
  doi       = {10.1016/j.aprim.2024.102701},
  url = {https://www.elsevier.es/es-revista-atencion-primaria-27-articulo-
recomendaciones-prevencion-del-cancer-actualizacion-
S0212656724002701},
  note      = {Consultado el 1 de junio de 2025}
}
@article{restrepo1988relacion,
  title={Relación del tabaquismo con cánceres de vías respiratorias, digestivas y urinarias: Estudio de casos y testigos},
  author={Restrepo, Helena Espinosa de and Correa, Pelayo and Haenszel, William and Brinton, Louise A. and Franco, Argemiro},
  journal={Boletín de la Oficina Sanitaria Panamericana},
  volume={105},
  number={3},
  pages={221--231},
  year={1988},
  publisher={Organización Panamericana de la Salud},
  url={https://iris.paho.org/handle/10665.2/17817}
}
@article{usptf2023cancer,
  title={Estimated Cancer Deaths Prevented With Increased Use of Cancer Screening},
  author={Knudsen, Amy B. and Zauber, Ann G. and Rutter, Carolyn M. and Peterse, Eline F. and Meester, Reinier G.S. and van Ravesteyn, Nicolien T. and Lansdorp-Vogelaar, Iris and Kuntz, Karen M.},
  journal={JAMA Network Open},
  volume={6},
  number={1},
  pages={e2252241},
  year={2023},
  publisher={American Medical Association},
  doi={10.1001/jamanetworkopen.2022.52241},
  url={https://jamanetwork.com/journals/jamanetworkopen/fullarticle/2812260}
}
